@string{ieeeits = "IEEE Transactions on Intelligent Transportation Systems"}
@string{AMS = "Fachgespr√§che Autonome Mobile Systeme (AMS)"}
@string{advancedrobotics = "Advanced Robotics"}
@string{mitpress = "MIT Press"}
@string{SOAVE = "Proc.~of the Workshop on Self-Organization of AdaptiVE behavior (SOAVE)"}
@string{springer = "Springer Verlag"}
@string{springerstaradvanced = "STAR Springer tracts in advanced robotics"}
@string{UAI = "Proc.~of the Conf.~on Uncertainty in Artificial Intelligence (UAI)"}
@string{ICRA = "Proc.~of the IEEE Int.~Conf.~on Robotics \& Automation (ICRA)"}
@string{IJCAI = "Proc.~of the Int.~Conf.~on Artificial Intelligence (IJCAI)"}
@string{IROS = "Proc.~of the IEEE/RSJ Int.~Conf.~on Intelligent Robots and Systems (IROS)"}
@string{ICAR = "Proc.~of the Int.~Conf.~on Advanced Robotics (ICAR)"}
@string{CIRA = "Proc.~of the IEEE Int.~Symp.  on Comput. Intell. in Rob. and Aut. (CIRA)"}
@string{ieeeram = "IEEE Robotics \& Automation Magazine"}
@string{jras = "Journ.~of Rob.~\& Aut.~Systems"}
@string{ar = "Autonomous Robots"}
@string{ieeetrans = "{IEEE} Tran. on Rob. and Aut."}
@string{ijrr = "Int.~Journal of Robotics Research"}
@string{ieeepress = "IEEE Computer Society Press"}
@string{addison = "Addison-Wesley Publishing Inc."}
@string{ieeepress = "IEEE Computer Society Press"}
@string{dagstuhl = "Proc.~of the Dagstuhl Seminar on Plan-based Control of Robotic Agents"}
@string{ECMR  = "Proc.~of the European Conference on Mobile Robots (ECMR)"}
@string{ROBOTICS = "Proc.~of the Int.~Conf.~on Robotics: Science and Systems"}
@string{NIPS = "Proc.~of the Conf.~on Neural Information Processing Systems (NIPS)"}
@string{ISRR = "Proc. of the Int.~Symposium of Robotics Research (ISRR)"}
@string{RSS = "Proc. of  Robotics: Science and Systems (RSS)"}
@string{RSSBOOK = "Robotics: Science and Systems"}
@string{ieeetransrob = "{IEEE} Transactions on Robotics"}
@string{snowbird = "Proc.~of the Learning Workshop (Snowbird)"}
@string{jfr = "Journal on Field Robotics"}
@string{CVPR = "Proc.~of the IEEE Conf.~on Computer Vision and Pattern Recognition (CVPR)"}
@string{ICIP = "Proc.~of the IEEE Int.~Conf.~on Image Processing (ICIP)"}
@string{SMC = "Proc.~of the IEEE Int.~Conf.~on Systems, Man, and Cybernetics (SMC)"}
@string{ICCV = "Proc.~of the Int.~Conf.~on Computer Vision (ICCV)"}
@string{ECCV = "Proc.~of the Europ.~Conf.~on Computer Vision (ECCV)"}

@string{ijcv = "Int.~Journal of Computer Vision"}
@string{jair = "Journal of Artificial Intelligence Research"}
@string{joe = "IEEE Journal of Oceanic Engineering"}
@string{oceans = "Proc.~of OCEANS MTS/IEEE Conference and Exhibition"}

@string{pami = "{IEEE} Trans.~on Pattern Analysis and Machine Intelligence"}
@string{mobicom = {Proc.~of the {ACM} Int.~Conf.~on Mobile Computing and Networking {(MobiCom)}}}
@string{rasmag = {{IEEE} Robotics and Automation Magazine}}
@string{AAAI  = "Proc.~of the AAAI Conference on Artificial Intelligence"}





@INPROCEEDINGS{naseer15iros,
    AUTHOR    = {T. Naseer and M. Ruhnke and C. Stachniss and L. Spinello and  W. Burgard},
    TITLE     = {Robust Visual SLAM Across Seasons},
    BOOKTITLE = IROS,
    YEAR      = 2015,
}

@INPROCEEDINGS{pascoe15icra,
    AUTHOR    = {G. Pascoe AND W. Maddern AND A.D. Stewart and P Newman},
    TITLE     = {FARLAP: Fast Robust Localisation using Appearance Priors},
    BOOKTITLE =  ICRA,
    YEAR      = 2015,
}

@INPROCEEDINGS{linegar15icra,
    AUTHOR    = {C. Linegar AND W. Churchill AND P. Newman},
    TITLE     = {Work Smart, Not Hard: Recalling Relevant Experiences for Vast-Scale but Time-Constrained Localisation},
    BOOKTITLE =  ICRA,
    YEAR      = 2015,
}

@INPROCEEDINGS{stumm15icra,
    AUTHOR    = {E. Stumm AND C. Mei AND S. Lacroix AND M. Chli},
    TITLE     = {Location Graphs for Visual Place Recognition},
    BOOKTITLE =  ICRA,
    YEAR      = 2015,
}


@INPROCEEDINGS{cummins09fabmap2,
    AUTHOR    = {M. Cummins AND P. Newman},
    TITLE     = {Highly scalable appearance-only {SLAM} - {FAB-MAP} 2.0},
    BOOKTITLE = {Proc.~of Robotics: Science and Systems},
    YEAR      = {2009},
}

@inproceedings{zhang2008global,
  title={Global data association for multi-object tracking using network flows},
  author={Zhang, Li and Li, Yuan and Nevatia, Ramakant},
  booktitle={Proc.~of the IEEE Int.~Conf.~on Computer Vision and Pattern Recognition (CVPR)},
  year={2008}
}

@inproceedings{vysotska15icra,
  title={Efficient and Effective Matching of Image Sequences Under Substantial Appearance Changes  Exploiting GPS Priors},
  author={O. Vysotska and T. Naseer and L. Spinello and W. Burgard and C. Stachniss},
  booktitle=icra,
  year={2015}
}

@inproceedings{vysotska15icraws,
  author = {O. Vysotska and C. Stachniss},
  title = {Lazy Sequences Matching Under Substantial Appearance Changes},
  booktitle = {Workshop on Visual Place Recognition in Changing Environments at the IEEE Proceedings of the IEEE Int. Conf. on Robotics \& Automation (ICRA)},
  year = {2015},
  Note = {Short paper}
}

@article{benshitrit2013,
  author = {Ben Shitrit, H. and Berclaz, J. and Fleuret, F. and Fua, P.},
  title = {Multi-Commodity Network Flow for Tracking Multiple People},
  journal ={IEEE Trans. Pattern Anal. Mach. Intell.},
  volume = {99},
  year = {2013},
  pages = {1}
}

@inproceedings{haehnel03isrr,
	Address = {Siena, Italy},
	Author = {H{\"a}hnel, D. and Burgard, W. and Wegbreit, B. and Thrun., S.},
	Booktitle = ISRR,
	Pages = {421--431},
	Title = {Towards lazy data association in SLAM},
	Year = {2003}}



@article{goldberg1995efficient,
  title={An efficient cost scaling algorithm for the assignment problem},
  author={Goldberg, Andrew V and Kennedy, Robert},
  journal={Mathematical Programming},
  volume={71},
  number={2},
  pages={153--177},
  year={1995}
}

@ARTICLE{Davison07monoslam:real-time,
    author = {A.J. Davison and I.D. Reid and N.D. Molton and O. Stasse},
    title = {MonoSLAM: Real-time single camera SLAM},
    journal = {IEEE Transactions Pattern Analysis and Machine Intelligence},
    year = {2007},
    volume = {29},
}




@conference{cummins_newman_2010_icml,
  author={Cummins, M. and Newman, P.},
  title={Appearance-Based Place Recognition and Mapping using a Learned Visual Vocabulary Model},
  booktitle={Int.~Conf.~on Machine Learning},
  year={2010}
}

@article {konolige08tro_frameslam,
	title = {FrameSLAM: From Bundle Adjustment to Real-Time Visual Mapping},
	journal = ieeetransrob, 
	volume = {24},
	number = {5},
	year = {2008},
	author = {M. Agrawal and K. Konolige}
}

@inproceedings{glover_fabmap_plus_ratslam10,
  
  author = {Glover, A.J. and Maddern, W.P. and Milford, M. and Wyeth, G.F.},
  booktitle = {Proc.~of the IEEE Int.~Conf.~on Robotics and Automation (ICRA)},
  pages = {3507-3512},
  title = {{FAB-MAP} + {RatSLAM}: Appearance-based SLAM for multiple times of day.},
  year = {2010}
}

@article{Bay2008SURF,
 author = {Bay, H. and Ess, A. and Tuytelaars, T. and Van Gool, L.},
 title = {Speeded-Up Robust Features ({SURF})},
 journal = {Comput. Vis. Image Underst.},
 issue_date = {June, 2008},
 volume = {110},
 number = {3},
 year = {2008},
 pages = {346--359}
} 

@InProceedings{naseer14aaai,
  title =	 {Robust Visual Robot Localization Across Seasons using Network Flows},
  author =	 {T. Naseer and L. Spinello and W. Burgard and C. Stachniss},
  booktitle =	 AAAI,
  year =	 2014,
  URL =          {http://www.informatik.uni-freiburg.de/~stachnis/pdf/naseer14aaai.pdf},
}

@article{Lowe04SIFT,
 author = {Lowe, D.G.},
 title = {Distinctive Image Features from Scale-Invariant Keypoints},
 journal = {Int. J. Comput. Vision},
 volume = {60},
 number = {2},
 year = {2004},
 issn = {0920-5691},
 pages = {91--110},
 numpages = {20},
 address = {Hingham, MA, USA},
} 

@inproceedings{biber05rss,
    author = {Biber, P. and Duckett, T.},
  booktitle = {Proc.~of Robotics: Science and Systems},
  pages = {17-24},
  title = {Dynamic Maps for Long-Term Operation of Mobile Service Robots.},
 year = {2005}
}

@article{Furgale10VTR,
  
  author = {Furgale, P.T. and Barfoot, T.D.},
  journal = {Int. J. Field Robotics},
  pages = {534-560},
  title = {Visual teach and repeat for long-range rover autonomy.},
  volume = {27},
  year = {2010}
}




@inproceedings{SeqSlam,

  author = {Milford, M. and Wyeth, G.F.},
  booktitle = {Proc.~of the IEEE Int.~Conf.~on Robotics and Automation (ICRA)},
  title = {SeqSLAM: Visual route-based navigation for sunny summer days and stormy winter nights.},
  year = {2012}
}


@inproceedings{neubert13ecmr,
  author = {Neubert, P. and Sunderhauf, N. and    Protzel, P.},
  title = {Appearance Change Prediction for Long-Term Navigation Across Seasons},
  booktitle = {Proc.~of the European Conference on Mobile Robotics (ECMR) },
  year = {2013}

}

@InProceedings{bennewitz06euros,
  author =	 {Bennewitz, M. and Stachniss, C. and Burgard, W. and
                  Behnke, S.},
  booktitle =	 {European Robotics Symposium},
  title =	 {Metric Localization with Scale-Invariant Visual
                  Features using a Single Perspective Camera},
  year =	 2006,
  pages =	 {143--157},
  pdfurl =       {http://www.informatik.uni-freiburg.de/~stachnis/pdf/bennewitz06euros.pdf},
}

@inproceedings {OpenSeqSlam,
  author = { Sunderhauf, Niko and  Neubert , Peer and  Protzel, Peter},
  title = {Are We There Yet? Challenging SeqSLAM on a 3000 km Journey Across All Four Seasons},
  booktitle = {Proc.~of the ICRA Workshop on Long-Term Autonomy},
  year = {2013}

}

@article{churchill13ijrr,
Author = {W. Churchill and P. Newman},
Journal = {Int.~Journal of Robotics Research},
Keywords = {Experience Based Navigation},
Pdf = {http://www.robots.ox.ac.uk/~mobile/Papers/2013IJRR_Churchill.pdf},
Title = {{E}xperience-based {N}avigation for {L}ong-term {L}ocalisation},
Year = {2013}}

@INPROCEEDINGS {WinstonICRA2012,
    AUTHOR = { Churchill, W.  and Newman, P.},
    BOOKTITLE = {Proc.~of the IEEE Int.~Conf.~on Robotics and Automation (ICRA)},
    TITLE = { Practice Makes Perfect? Managing and Leveraging Visual Experiences for Lifelong Navigation },
    YEAR = { 2012 }
}


@INPROCEEDINGS {johns13icra_cooccurence,
    AUTHOR = { Johns, E. and Yang, G.-Z.},
    BOOKTITLE = {Proc.~of the IEEE Int.~Conf.~on Robotics and Automation (ICRA)},
    TITLE = {Feature Co-occurrence Maps: Appearance-Based Localisation Throughout the Day},
    YEAR = { 2013 }
}

@article{pacheco_VSLAM_survey12,
author={Fuentes-Pacheco, J. and Ruiz-Ascencio, J. and Rend\'on-Mancha, J.M.},
year={2012},

journal={Artificial Intelligence Review},

title={Visual simultaneous localization and mapping: a survey},
pages={1-27},
publisher={Springer},
keywords={Visual SLAM; Salient feature selection; Image matching; Data association; Topological and metric maps}
}

@InProceedings{stachniss05aaai,
  title =	 {Mobile Robot Mapping and Localization in Non-Static
                  Environments},
  author =	 {Stachniss, C. and Burgard, W.},
  booktitle =	 aaai,
  year =	 2005,
  pages =	 {1324--1329},
}

@book{ahuja1993network,
  title={Network flows: theory, algorithms, and applications},
  author={Ahuja, Ravindra K and Magnanti, Thomas L and Orlin, James B},
  year={1993},
  publisher={Prentice hall},
}



@inproceedings{OpenFabMap,

  author = {Glover, Arren J. and Maddern, William P. and Warren, Michael and Reid, Stephanie and Milford, Michael and Wyeth, Gordon},

  booktitle = {Proc.~of the IEEE Int.~Conf.~on Robotics and Automation (ICRA)},
 title = {OpenFABMAP: An open source toolbox for appearance-based loop closure detection.},
 year = {2012}
}

@INPROCEEDINGS{Dalal05HoG,
    author = {Navneet Dalal and Bill Triggs},
    title = {Histograms of Oriented Gradients for Human Detection},
    booktitle = {Proc.~of the IEEE Int.~Conf.~on Computer Vision and Pattern Recognition (CVPR)},
    year = {2005},
  
}


@ARTICLE{Mikolajczyk05acomparisondetectors,
    author = {K. Mikolajczyk and T. Tuytelaars and C. Schmid and A. Zisserman and J. Matas and F. Schaffalitzky and T. Kadir and L. Van Gool},
    title = {A comparison of affine region detectors},
    journal = {Int. J. Comput. Vision},
    year = {2005},
    volume = {65},
    pages = {2005}
}

@Book{heineman09alogbook,
  author = 	 {G.T. Heineman and G. Pollice and S. Selkow},
  title = 	 {Algorithms in a Nutshell},
  publisher = 	 {O'Reilly},
  year = 	 {2009},
}

@ARTICLE{valgren09seasons,
    author = {C. Valgren and  A.J. Lilienthal },
    title = {{SIFT}, {SURF} \& {Seasons}: {A}ppearance-based long-term localization in outdoor environments},
    journal =  {Robotics and Autonomous Systems},
    number = 2,
    year = {2010},
    volume = {85},
    pages = {149-156},
}

@inproceedings{sunderhauf2013we,
  title={Are we there yet? challenging seqslam on a 3000 km journey across all four seasons},
  author={S{\"u}nderhauf, Niko and Neubert, Peer and Protzel, Peter},
  booktitle={Proc. of Workshop on Long-Term Autonomy, IEEE International Conference on Robotics and Automation (ICRA)},
  pages={2013},
  year={2013}
}

@inproceedings{sermanet-iclr-14,
 title = "OverFeat: Integrated Recognition, Localization and Detection using Convolutional Networks",
 author = "Sermanet, P. and Eigen, D. and Zhang, Z. and Mathieu, M. and Fergus, R. and LeCun, Y.",
 booktitle = "Intl.~Conf.~on Learning Representations (ICLR)",
 year = "2014",
 url = "http://openreview.net/document/d332e77d-459a-4af8-b3ed-55ba",
 arxiv = "http://arxiv.org/abs/1312.6229"
}


@article{chen2014convolutional,
  title={Convolutional Neural Network-based Place Recognition},
  author={Z. Chen and O. Lam and A. Jacobson and M.Milford},
  journal={Australasian Conference on Robotics and Automation 2014.},
}

@article{gomez2015training,
  title={Training a Convolutional Neural Network for Appearance-Invariant Place Recognition},
  author={Gomez-Ojeda, R. and Lopez-Antequera, M. and Petkov, N. and Gonzalez-Jimenez, J.},
  journal={arXiv preprint arXiv:1505.07428},
  year={2015}
}

@inproceedings{sunderhauf2015place,
  title={Place recognition with ConvNet landmarks: Viewpoint-robust, condition-robust, training-free},
  author={S{\"u}nderhauf, N. and Shirazi, S. and Jacobson, A. and Dayoub, F. and Pepperell, E. and Upcroft, B. and Milford, M.},
  booktitle={Proc.~of Robotics: Science and Systems},
  year={2015}
}

@article{vprice2015,
  title={The VPRiCE Challenge 2015 -- Visual Place Recognition in Changing Environments at ICRA 2015 and CVPR 2015},
  howpublished={https://roboticvision.atlassian.net/wiki/pages/viewpage.action?pageId=14188617},
  year={2015}
}

@inproceedings{mishkinplace,
  title={Place Recognition with WxBS Retrieval},
  author={Mishkin, D. and Perdoch, M. and Matas, J.},
  booktitle = {Proc. of the CVPR 2015 Workshop on Visual Place Recognition in Changing Environments},
  year = 2015,
}

@article{milford2013vision,
  title={Vision-based place recognition: how low can you go?},
  author={Milford, M.},
  journal=IJRR,
  volume={32},
  number={7},
  pages={766--789},
  year={2013},
  publisher={SAGE Publications}
}

@inproceedings{matsumoto1996visual,
author={Matsumoto, Y. and Inaba, M. and Inoue, H.},
booktitle= ICRA,
title={Visual navigation using view-sequenced route representation},
year={1996}
}


@article{kostavelis2015semantic,
	title={Semantic mapping for mobile robotics tasks: A survey},
	author={Kostavelis, Ioannis and Gasteratos, Antonios},
	journal={Robotics and Autonomous Systems},
	volume={66},
	pages={86--103},
	year={2015},
	publisher={Elsevier}
}

@article{liu2016extracting,
	title={Extracting semantic information from visual data: A survey},
	author={Liu, Qiang and Li, Ruihao and Hu, Huosheng and Gu, Dongbing},
	journal={Robotics},
	volume={5},
	number={1},
	pages={8},
	year={2016},
	publisher={Multidisciplinary Digital Publishing Institute}
}

@inproceedings{hermans2014dense,
	title={Dense 3d semantic mapping of indoor scenes from rgb-d images},
	author={Hermans, Alexander and Floros, Georgios and Leibe, Bastian},
	booktitle={Robotics and Automation (ICRA), 2014 IEEE International Conference on},
	pages={2631--2638},
	year={2014},
	organization={IEEE}
}

@inproceedings{krahenbuhl2011efficient,
	title={Efficient inference in fully connected crfs with gaussian edge potentials},
	author={Kr{\"a}henb{\"u}hl, Philipp and Koltun, Vladlen},
	booktitle={Advances in neural information processing systems},
	pages={109--117},
	year={2011}
}

@inproceedings{mccormac2017semanticfusion,
	title={SemanticFusion: Dense 3D semantic mapping with convolutional neural networks},
	author={McCormac, John and Handa, Ankur and Davison, Andrew and Leutenegger, Stefan},
	booktitle={Robotics and Automation (ICRA), 2017 IEEE International Conference on},
	pages={4628--4635},
	year={2017},
	organization={IEEE}
}

@inproceedings{noh2015learning,
	title={Learning deconvolution network for semantic segmentation},
	author={Noh, Hyeonwoo and Hong, Seunghoon and Han, Bohyung},
	booktitle={Proceedings of the IEEE International Conference on Computer Vision},
	pages={1520--1528},
	year={2015}
}

@article{swain1991ijcv,
	title={Color indexing},
	author={Swain, Michael J and Ballard, Dana H},
	journal=ijcv,
	volume={7},
	number={1},
	pages={11--32},
	year={1991},
	publisher={Springer}
}

@inproceedings{ulrich2000icra,
	title={Appearance-based place recognition for topological localization},
	author={Ulrich, Iwan and Nourbakhsh, Illah},
	booktitle=icra,
	volume={2},
	pages={1023--1029},
	year={2000},
	organization={Ieee}
}

@inproceedings{torralba2003context,
	title={Context-based vision system for place and object recognition},
	author={Torralba, Antonio and Murphy, Kevin P and Freeman, William T and Rubin, Mark A},
	booktitle={null},
	pages={273},
	year={2003},
	organization={IEEE}
}

@article{oliva2001ijcv,
	title={Modeling the shape of the scene: A holistic representation of the spatial envelope},
	author={Oliva, Aude and Torralba, Antonio},
	journal=ijcv,
	volume={42},
	number={3},
	pages={145--175},
	year={2001},
	publisher={Springer}
}

@inproceedings{lisin2005cvpr,
	title={Combining local and global image features for object class recognition},
	author={Lisin, Dimitri A and Mattar, Marwan A and Blaschko, Matthew B and Learned-Miller, Erik G and Benfield, Mark C},
	booktitle={Computer vision and pattern recognition-workshops, 2005. CVPR workshops. IEEE Computer society conference on},
	pages={47--47},
	year={2005},
	organization={IEEE}
}

@article{viola2004ijcv,
	title={Robust real-time face detection},
	author={Viola, Paul and Jones, Michael J},
	journal=ijcv,
	volume={57},
	number={2},
	pages={137--154},
	year={2004},
	publisher={Springer}
}

@inproceedings{papageorgiou1998iccv,
	title={A general framework for object detection},
	author={Papageorgiou, Constantine P and Oren, Michael and Poggio, Tomaso},
	booktitle=iccv,
	pages={555--562},
	year={1998},
	organization={IEEE}
}

@article{freund1997jcss,
	title={A decision-theoretic generalization of on-line learning and an application to boosting},
	author={Freund, Yoav and Schapire, Robert E},
	journal={Journal of computer and system sciences},
	volume={55},
	number={1},
	pages={119--139},
	year={1997},
	publisher={Elsevier}
}

@inproceedings{dalal2005cvpr,
	title={Histograms of oriented gradients for human detection},
	author={Dalal, Navneet and Triggs, Bill},
	booktitle=cvpr,
	volume={1},
	pages={886--893},
	year={2005},
	organization={IEEE}
}

@article{cortes1995support,
	title={Support-vector networks},
	author={Cortes, Corinna and Vapnik, Vladimir},
	journal={Machine learning},
	volume={20},
	number={3},
	pages={273--297},
	year={1995},
	publisher={Springer}
}

@article{ohlander1978picture,
	title={Picture segmentation using a recursive region splitting method},
	author={Ohlander, Ron and Price, Keith and Reddy, D Raj},
	journal={Computer Graphics and Image Processing},
	volume={8},
	number={3},
	pages={313--333},
	year={1978},
	publisher={Elsevier}
}

@article{brice1970scene,
	title={Scene analysis using regions},
	author={Brice, Claude R and Fennema, Claude L},
	journal={Artificial intelligence},
	volume={1},
	number={3-4},
	pages={205--226},
	year={1970},
	publisher={Elsevier}
}

@article{comaniciu2002pami,
	title={Mean shift: A robust approach toward feature space analysis},
	author={Comaniciu, Dorin and Meer, Peter},
	journal=pami,
	volume={24},
	number={5},
	pages={603--619},
	year={2002},
	publisher={IEEE}
}

@article{shi2000pami,
	title={Normalized cuts and image segmentation},
	author={Shi, Jianbo and Malik, Jitendra},
	journal=pami,
	volume={22},
	number={8},
	pages={888--905},
	year={2000},
	publisher={Ieee}
}

@article{felzenszwalb2004ijcv,
	title={Efficient graph-based image segmentation},
	author={Felzenszwalb, Pedro F and Huttenlocher, Daniel P},
	journal=ijcv,
	volume={59},
	number={2},
	pages={167--181},
	year={2004},
	publisher={Springer}
}

@article{chan2001ip,
	title={Active contours without edges},
	author={Chan, Tony F and Vese, Luminita A},
	journal={IEEE Transactions on image processing},
	volume={10},
	number={2},
	pages={266--277},
	year={2001},
	publisher={IEEE}
}

@article{osher1988jcp,
	title={Fronts propagating with curvature-dependent speed: algorithms based on Hamilton-Jacobi formulations},
	author={Osher, Stanley and Sethian, James A},
	journal={Journal of computational physics},
	volume={79},
	number={1},
	pages={12--49},
	year={1988},
	publisher={Elsevier}
}

@article{garcia2017review,
	title={A review on deep learning techniques applied to semantic segmentation},
	author={Garcia-Garcia, Alberto and Orts-Escolano, Sergio and Oprea, Sergiu and Villena-Martinez, Victor and Garcia-Rodriguez, Jose},
	journal={arXiv preprint arXiv:1704.06857},
	year={2017}
}

@inproceedings{krizhevsky2012nipsjournal,
	title={Imagenet classification with deep convolutional neural networks},
	author={Krizhevsky, Alex and Sutskever, Ilya and Hinton, Geoffrey E},
	booktitle=nipsjournal,
	pages={1097--1105},
	year={2012}
}

@inproceedings{redmon2016cvpr,
	title={You only look once: Unified, real-time object detection},
	author={Redmon, Joseph and Divvala, Santosh and Girshick, Ross and Farhadi, Ali},
	booktitle=cvpr,
	pages={779--788},
	year={2016}
}

@inproceedings{erhan2014cvpr,
	title={Scalable object detection using deep neural networks},
	author={Erhan, Dumitru and Szegedy, Christian and Toshev, Alexander and Anguelov, Dragomir},
	booktitle=cvpr,
	pages={2147--2154},
	year={2014}
}

@inproceedings{liu2016eccv,
	title={Ssd: Single shot multibox detector},
	author={Liu, Wei and Anguelov, Dragomir and Erhan, Dumitru and Szegedy, Christian and Reed, Scott and Fu, Cheng-Yang and Berg, Alexander C},
	booktitle=eccv,
	pages={21--37},
	year={2016},
	organization={Springer}
}

@inproceedings{long2015cvpr,
	title={Fully convolutional networks for semantic segmentation},
	author={Long, Jonathan and Shelhamer, Evan and Darrell, Trevor},
	booktitle=cvpr,
	pages={3431--3440},
	year={2015}
}

@article{simonyan2014very,
	title={Very deep convolutional networks for large-scale image recognition},
	author={Simonyan, Karen and Zisserman, Andrew},
	journal={arXiv preprint arXiv:1409.1556},
	year={2014}
}


@inproceedings{szegedy2015cvpr,
	title={Going deeper with convolutions},
	author={Szegedy, Christian and Liu, Wei and Jia, Yangqing and Sermanet, Pierre and Reed, Scott and Anguelov, Dragomir and Erhan, Dumitru and Vanhoucke, Vincent and Rabinovich, Andrew and others},
	year={2015},
	booktitle=cvpr
}

@article{kostavelis2015semantic,
	title={Semantic mapping for mobile robotics tasks: A survey},
	author={Kostavelis, Ioannis and Gasteratos, Antonios},
	journal={Robotics and Autonomous Systems},
	volume={66},
	pages={86--103},
	year={2015},
	publisher={Elsevier}
}

@article{liu2016extracting,
	title={Extracting semantic information from visual data: A survey},
	author={Liu, Qiang and Li, Ruihao and Hu, Huosheng and Gu, Dongbing},
	journal={Robotics},
	volume={5},
	number={1},
	pages={8},
	year={2016},
	publisher={Multidisciplinary Digital Publishing Institute}
}

@inproceedings{hermans2014dense,
	title={Dense 3d semantic mapping of indoor scenes from rgb-d images},
	author={Hermans, Alexander and Floros, Georgios and Leibe, Bastian},
	booktitle={Robotics and Automation (ICRA), 2014 IEEE International Conference on},
	pages={2631--2638},
	year={2014},
	organization={IEEE}
}

@inproceedings{krahenbuhl2011efficient,
	title={Efficient inference in fully connected crfs with gaussian edge potentials},
	author={Kr{\"a}henb{\"u}hl, Philipp and Koltun, Vladlen},
	booktitle={Advances in neural information processing systems},
	pages={109--117},
	year={2011}
}

@inproceedings{mccormac2017semanticfusion,
	title={SemanticFusion: Dense 3D semantic mapping with convolutional neural networks},
	author={McCormac, John and Handa, Ankur and Davison, Andrew and Leutenegger, Stefan},
	booktitle={Robotics and Automation (ICRA), 2017 IEEE International Conference on},
	pages={4628--4635},
	year={2017},
	organization={IEEE}
}

@inproceedings{noh2015learning,
	title={Learning deconvolution network for semantic segmentation},
	author={Noh, Hyeonwoo and Hong, Seunghoon and Han, Bohyung},
	booktitle={Proceedings of the IEEE International Conference on Computer Vision},
	pages={1520--1528},
	year={2015}
}

@inproceedings{yamauchi1997cira,
	title={A frontier-based approach for autonomous exploration},
	author={Yamauchi, Brian},
	booktitle=cira,
	pages={146--151},
	year={1997},
	organization={IEEE}
}

@inproceedings{yamauchi1998frontier,
	title={Frontier-based exploration using multiple robots},
	author={Yamauchi, Brian},
	booktitle={Proceedings of the second international conference on Autonomous agents},
	pages={47--53},
	year={1998},
	organization={ACM}
}

@inproceedings{wang2011frontier,
	title={Frontier-based multi-robot map exploration using particle swarm optimization},
	author={Wang, Yiheng and Liang, Alei and Guan, Haibing},
	booktitle={Swarm Intelligence (SIS), 2011 IEEE Symposium on},
	pages={1--6},
	year={2011},
	organization={IEEE}
}

@inproceedings{senarathne2013efficient,
	title={Efficient frontier detection and management for robot exploration},
	author={Senarathne, PGCN and Wang, Danwei and Wang, Zhuping and Chen, Qijun},
	booktitle={Cyber Technology in Automation, Control and Intelligent Systems (CYBER), 2013 IEEE 3rd Annual International Conference on},
	pages={114--119},
	year={2013},
	organization={IEEE}
}

@inproceedings{keidar2012robot,
	title={Robot exploration with fast frontier detection: Theory and experiments},
	author={Keidar, Matan and Kaminka, Gal A},
	booktitle={Proceedings of the 11th International Conference on Autonomous Agents and Multiagent Systems-Volume 1},
	pages={113--120},
	year={2012},
	organization={International Foundation for Autonomous Agents and Multiagent Systems}
}

@inproceedings{oriolo2004icra,
	title={The SRT method: Randomized strategies for exploration},
	author={Oriolo, Giuseppe and Vendittelli, Marilena and Freda, Luigi and Troso, Giulio},
	booktitle=icra,
	volume={5},
	pages={4688--4694},
	year={2004},
	organization={IEEE}
}

@inproceedings{freda2005icra,
	title={Frontier-based probabilistic strategies for sensor-based exploration},
	author={Freda, Luigi and Oriolo, Giuseppe},
	booktitle=icra,
	pages={3881--3887},
	year={2005},
	organization={IEEE}
}

@article{lavalle1998rapidly,
	title={Rapidly-exploring random trees: A new tool for path planning},
	author={LaValle, Steven M},
	year={1998},
	publisher={Citeseer}
}

@inproceedings{bircher2016icra,
	title={Receding horizon" next-best-view" planner for 3d exploration},
	author={Bircher, Andreas and Kamel, Mina and Alexis, Kostas and Oleynikova, Helen and Siegwart, Roland},
	booktitle=icra,
	pages={1462--1468},
	year={2016},
	organization={IEEE}
}

@inproceedings{el2013improved,
	title={Improved backtracking algorithm for efficient sensor-based random tree exploration},
	author={El-Hussieny, Haitham and Assal, Samy FM and Abdellatif, Mohamed},
	booktitle={Computational Intelligence, Communication Systems and Networks (CICSyN), 2013 Fifth International Conference on},
	pages={19--24},
	year={2013},
	organization={IEEE}
}

@article{franchi2009sensor,
	title={The sensor-based random graph method for cooperative robot exploration},
	author={Franchi, Antonio and Freda, Luigi and Oriolo, Giuseppe and Vendittelli, Marilena},
	journal={IEEE/ASME Transactions on Mechatronics},
	volume={14},
	number={2},
	pages={163--175},
	year={2009},
	publisher={IEEE}
}

@article{cadena2016ieeetransrob,
	title={Past, present, and future of simultaneous localization and mapping: Toward the robust-perception age},
	author={Cadena, Cesar and Carlone, Luca and Carrillo, Henry and Latif, Yasir and Scaramuzza, Davide and Neira, Jos{\'e} and Reid, Ian and Leonard, John J},
	journal=ieeetransrob,
	volume={32},
	number={6},
	pages={1309--1332},
	year={2016},
	publisher={IEEE}
}

@article{mur2015ieeetransrob,
	title={ORB-SLAM: a versatile and accurate monocular SLAM system},
	author={Mur-Artal, Raul and Montiel, Jose Maria Martinez and Tardos, Juan D},
	journal=ieeetransrob,
	volume={31},
	number={5},
	pages={1147--1163},
	year={2015},
	publisher={IEEE}
}

@inproceedings{newcombe2011ICCV,
	title={DTAM: Dense tracking and mapping in real-time},
	author={Newcombe, Richard A and Lovegrove, Steven J and Davison, Andrew J},
	booktitle=ICCV,
	pages={2320--2327},
	year={2011},
	organization={IEEE}
}

@inproceedings{steinbrucker2011real,
	title={Real-time visual odometry from dense RGB-D images},
	author={Steinbr{\"u}cker, Frank and Sturm, J{\"u}rgen and Cremers, Daniel},
	booktitle={Computer Vision Workshops (ICCV Workshops), 2011 IEEE International Conference on},
	pages={719--722},
	year={2011},
	organization={IEEE}
}

@inproceedings {berger2014state,
	booktitle = {Eurographics 2014 - State of the Art Reports},
	editor = {Sylvain Lefebvre and Michela Spagnuolo},
	title = {{State of the Art in Surface Reconstruction from Point Clouds}},
	author = {Berger, Matthew and Tagliasacchi, Andrea and Seversky, Lee M. and Alliez, Pierre and Levine, Joshua A. and Sharf, Andrei and Silva, Claudio T.},
	year = {2014},
	publisher = {The Eurographics Association},
	ISSN = {1017-4656},
	DOI = {10.2312/egst.20141040}
}

@inproceedings{newcombe2011kinectfusion,
	title={KinectFusion: Real-time dense surface mapping and tracking},
	author={Newcombe, Richard A and Izadi, Shahram and Hilliges, Otmar and Molyneaux, David and Kim, David and Davison, Andrew J and Kohi, Pushmeet and Shotton, Jamie and Hodges, Steve and Fitzgibbon, Andrew},
	booktitle={Mixed and augmented reality (ISMAR), 2011 10th IEEE international symposium on},
	pages={127--136},
	year={2011},
	organization={IEEE}
}

@article{vespa2018efficient,
	title={Efficient Octree-Based Volumetric SLAM Supporting Signed-Distance and Occupancy Mapping},
	author={Vespa, Emanuele and Nikolov, Nikolay and Grimm, Marius and Nardi, Luigi and Kelly, Paul HJ and Leutenegger, Stefan},
	journal={IEEE Robotics and Automation Letters},
	year={2018},
	publisher={IEEE}
}

@article{kahler2015very,
	title={Very high frame rate volumetric integration of depth images on mobile devices},
	author={K{\"a}hler, Olaf and Prisacariu, Victor Adrian and Ren, Carl Yuheng and Sun, Xin and Torr, Philip and Murray, David},
	journal={IEEE transactions on visualization and computer graphics},
	volume={21},
	number={11},
	pages={1241--1250},
	year={2015},
	publisher={IEEE}
}

@inproceedings{salas2013CVPR,
	title={Slam++: Simultaneous localisation and mapping at the level of objects},
	author={Salas-Moreno, Renato F and Newcombe, Richard A and Strasdat, Hauke and Kelly, Paul HJ and Davison, Andrew J},
	booktitle=CVPR,
	pages={1352--1359},
	year={2013},
	organization={IEEE}
}


